%% This BibTeX bibliography file was created using BibDesk.
%% http://bibdesk.sourceforge.net/


%% Created for David  F. Snyder at 2006-10-06 21:16:05 -0500 


%% Saved with string encoding Western (ASCII) 



@incollection{Tait1898lr,
	Address = {Cambridge},
	Author = {P.G. Tait},
	Booktitle = {Scientific Papers},
	Date-Added = {2006-10-06 21:01:48 -0500},
	Date-Modified = {2006-10-06 21:03:52 -0500},
	Pages = {273--347},
	Publisher = {Cambridge University Press},
	Title = {On knots, I, II, III},
	Volume = {1},
	Year = {1898}}

@article{MR2039119,
	Author = {Rankin, Stuart and Flint, Ortho and Schermann, John},
	Date-Added = {2006-10-06 16:29:49 -0500},
	Date-Modified = {2006-10-06 16:30:06 -0500},
	Fjournal = {Journal of Knot Theory and its Ramifications},
	Issn = {0218-2165},
	Journal = {J. Knot Theory Ramifications},
	Keywords = {knot enumeration},
	Mrclass = {57M25 (57M15)},
	Mrnumber = {MR2039119 (2004m:57017)},
	Mrreviewer = {Marko Kranjc},
	Number = {1},
	Pages = {101--149},
	Title = {Enumerating the prime alternating knots. {II}},
	Volume = {13},
	Year = {2004}}

@article{MR2039118,
	Author = {Rankin, Stuart and Flint, Ortho and Schermann, John},
	Date-Added = {2006-10-06 16:29:16 -0500},
	Date-Modified = {2006-10-06 16:30:26 -0500},
	Fjournal = {Journal of Knot Theory and its Ramifications},
	Issn = {0218-2165},
	Journal = {J. Knot Theory Ramifications},
	Keywords = {knot enumeration},
	Mrclass = {57M25 (57M15)},
	Mrnumber = {MR2039118 (2004m:57016)},
	Mrreviewer = {Marko Kranjc},
	Number = {1},
	Pages = {57--100},
	Title = {Enumerating the prime alternating knots. {I}},
	Volume = {13},
	Year = {2004}}

@article{MR702617,
	Author = {Dowker, C. H. and Thistlethwaite, Morwen B.},
	Coden = {TIAPD9},
	Date-Added = {2006-10-06 16:21:04 -0500},
	Date-Modified = {2006-10-06 16:21:04 -0500},
	Fjournal = {Topology and its Applications},
	Issn = {0166-8641},
	Journal = {Topology Appl.},
	Mrclass = {57M25},
	Mrnumber = {MR702617 (85e:57003)},
	Number = {1},
	Pages = {19--31},
	Title = {Classification of knot projections},
	Volume = {16},
	Year = {1983}}

@incollection{MR0258014,
	Address = {Oxford},
	Author = {Conway, J. H.},
	Booktitle = {Computational Problems in Abstract Algebra (Proc. Conf., Oxford, 1967)},
	Date-Added = {2006-10-06 16:19:19 -0500},
	Date-Modified = {2006-10-06 16:22:53 -0500},
	Editor = {J. Leech},
	Keywords = {knot enumeration, knotation},
	Mrclass = {55.20},
	Mrnumber = {MR0258014 (41 \#2661)},
	Mrreviewer = {H. E. Debrunner},
	Pages = {329--358},
	Publisher = {Pergamon},
	Title = {An enumeration of knots and links, and some of their algebraic properties},
	Url = {http://www.maths.ed.ac.uk/~aar/knots/conway.pdf},
	Year = {1970}}

@mastersthesis{keller,
	Annote = {Honors thesis},
	Author = {M.T. Keller},
	Date-Added = {2006-10-06 16:06:50 -0500},
	Date-Modified = {2006-10-06 16:10:02 -0500},
	Keywords = {history of knot theory, applications},
	Read = {No},
	School = {North Dakota State University},
	Title = {Knot Theory: History and Applications with a Connection to Graph Theory},
	Url = {http://www.math.gatech.edu/~keller/thesis-final.pdf},
	Year = {2004}}

@url{gausscode,
	Annote = {This site contains one version of the Gauss code, it's extension, and also a brief description of the Dowker-Thistlethwaite code.},
	Date-Added = {2006-10-06 15:49:44 -0500},
	Date-Modified = {2006-10-06 15:52:32 -0500},
	Keywords = {gauss code, dowker-thistlethwaite},
	Title = {Notation},
	Url = {http://www.indiana.edu/~knotinfo/descriptions/gauss_notation.html}}

@book{sossinskyknotsandbraids,
	Address = {Providence, RI},
	Author = {Prasolov, V. V. and Sossinsky, A. B.},
	Isbn = {0-8218-0588-6},
	Mrclass = {57M25 (57M12 57N10)},
	Mrnumber = {MR1414898 (98i:57018)},
	Mrreviewer = {Joanna Kania-Bartoszynska},
	Note = {An introduction to the new invariants in low-dimensional topology, Translated from the Russian manuscript by Sossinsky [Sosinski\u\i]},
	Pages = {viii+239},
	Publisher = {American Mathematical Society},
	Series = {Translations of Mathematical Monographs},
	Title = {Knots, links, braids and 3-manifolds},
	Volume = {154},
	Year = {1997}}

@book{cite-key,
	Date-Added = {2005-11-17 17:10:06 -0600},
	Date-Modified = {2005-11-17 17:10:06 -0600}}

@article{milner91polyadicpi,
	Author = {Robin Milner},
	Editor = {F.L. Hamer, W. Brauer, H. Schwichtenberg},
	Journal = {Logic and Algebra of Specification},
	Title = {The polyadic $\pi$-calculus: A tutorial},
	Url = {http://www.lfcs.informatics.ed.ac.uk/reports/91/ECS-LFCS-91-180/ECS-LFCS-91-180.ps},
	Volume = {Springer-Verlag},
	Year = {1993}}

@book{ManturovKnots,
	Author = {Manturov, Vassily},
	Date-Modified = {2005-11-17 17:21:18 -0600},
	Isbn = {0-415-31001-6},
	Mrclass = {57M25 (57M27)},
	Mrnumber = {MR2068425 (2005d:57008)},
	Mrreviewer = {Jacob Mostovoy},
	Pages = {xiv+400},
	Publisher = {Chapman \& Hall/CRC, Boca Raton, FL},
	Title = {Knot theory},
	Year = {2004}}

@book{CromwellKnots,
	Address = {Cambridge},
	Author = {Cromwell, Peter R.},
	Date-Modified = {2005-11-17 17:17:59 -0600},
	Isbn = {0-521-83947-5; 0-521-54831-4},
	Mrclass = {57M25},
	Mrnumber = {MR2107964 (2005k:57011)},
	Mrreviewer = {Sergei K. Lando},
	Pages = {xviii+328},
	Publisher = {Cambridge University Press},
	Title = {Knots and links},
	Year = {2004}}

@inproceedings{djoin,
	Author = {Fournet, C{\'e}dric and Gontheir, Georges and L{\'e}vy, Jean-Jacques and Maranget, Luc and R{\'e}my, Didier},
	Booktitle = {CONCUR 1996},
	Editor = {Ugo Montanari and Vladimiro Sassone},
	Pages = {406--421},
	Publisher = {Springer-Verlag},
	Series = {Lecture Notes in Computer Science},
	Title = {A Calculus of Mobile Agents},
	Url = {http:// research.microsoft.com/ ~fournet/ papers/ calculus-of-mobile-agents.ps},
	Volume = {1119},
	Year = {1996}}

@article{facile,
	Author = {B. Thomsen},
	Journal = {Information and Computation},
	Number = {1},
	Pages = {38--57},
	Title = {{A Theory of Higher Order Communication Systems}},
	Volume = {116},
	Year = {1995}}

@article{hop,
	Author = {Davide Sangiorgi},
	Journal = {Information and Computation},
	Pages = {141--178},
	Title = {Bisimulation in Higher-Order Process Calculi},
	Url = {http://www.inria.fr/RRRT/RR-2508.html},
	Volume = {131},
	Year = {1996}}

@article{rosette,
	Author = {Chris Tomlinson and Won Kim and Mark Scheevel and Vineet Singh and B. Will and Gul Agha},
	Journal = {SIGPLAN Notices},
	Pages = {91-93},
	Title = {Rosette: An object-oriented concurrent systems architecture},
	Volume = {24(4)},
	Year = {1989}}

@article{r5rs,
	Author = {H. Abelson and R.K. Dybvig and C.T. Haynes and G.J. Rozaz and N.I. Adams IV and D.P. Friedman and E. Kohlbecker and G.L. Steele, Jr. and D.H. Bartley and R. Halstead and D. Oxley and G.J. Sussman and G. Brooks and C. Hanson and K.M. Pitman and M. Wand},
	Editor = {Richard Kelsey and William Clinger and Jonathan Rees},
	Journal = {Higher-order and Symbolic Computation},
	Pages = {7-105},
	Publisher = {Kluwer},
	Title = {Revised5 Report on the Algorithmic Language Scheme},
	Volume = {11},
	Year = {1998}}

@article{polysync,
	Author = {M.Carbone and S.Maffeis},
	Journal = {Nordic Journal of Computing},
	Pages = {70-98},
	Title = {On the Expressive Power of Polyadic Synchronisation in Pi-Calculus},
	Volume = {10(2)},
	Year = {2003}}

@article{PavlovicD:CLNA,
	Author = {Dusko Pavlovic},
	Journal = {Math. Structures in Comp. Sci.},
	Pages = {619--637},
	Title = {Categorical logic of names and abstraction in action calculus},
	Url = {ftp://ftp.kestrel.edu/pub/papers/pavlovic/CLNA.ps},
	Volume = {7},
	Year = {1997}}

@inproceedings{lisp3,
	Author = {J. des Rivieres and B. C. Smith},
	Booktitle = {ACM Symposium on Lisp and Functional Programming},
	Pages = {331-347},
	Title = {The implementation of procedurally reflective languages},
	Year = {1984}}

@unpublished{globalpi,
	Author = {Lucian Wischik},
	Note = {Submitted for publication},
	Title = {Old Names for Nu},
	Year = {2004}}

@unpublished{JavaReflection,
	Author = {Sun Microsoft Inc.},
	Note = {http://sunsite.tus.ac.jp/java/docs/jdk1.1/java-reflection.pdf},
	Title = {Java Core Reflection API and Specification}}

@unpublished{biztalk,
	Author = {\mbox{Microsoft} Corporation},
	Note = {microsoft.com/biztalk/default.asp},
	Title = {Microsoft BizTalk Server}}

@unpublished{Fontana,
	Author = {Walter Fontana},
	Title = {private conversation},
	Year = {2004}}

@inproceedings{meredith2005rho,
	Author = {Meredith, L.G. and Radestock, Matthias},
	Booktitle = {ETAPS 2005 Satellites},
	Editor = {Mirko Viroli},
	Publisher = {Springer-Verlag},
	Title = {A reflective higher-order calculus},
	Year = {2005}}

@inproceedings{DBLP:conf/ccs/AbadiG97,
	Author = {Mart\'{\i}n Abadi and Andrew D. Gordon},
	Bibsource = {DBLP, http://dblp.uni-trier.de},
	Booktitle = {ACM Conference on Computer and Communications Security},
	Ee = {http://doi.acm.org/10.1145/266420.266432},
	Pages = {36-47},
	Title = {A Calculus for Cryptographic Protocols: The Spi Calculus.},
	Year = {1997}}

@inproceedings{DBLP:conf/popl/AbadiB02,
	Author = {Mart\'{\i}n Abadi and Bruno Blanchet},
	Bibsource = {DBLP, http://dblp.uni-trier.de},
	Booktitle = {POPL},
	Ee = {http://doi.acm.org/10.1145/503272.503277},
	Pages = {33-44},
	Title = {Analyzing security protocols with secrecy types and logic programs.},
	Year = {2002}}

@article{DBLP:journals/tcs/AbadiB03,
	Author = {Mart\'{\i}n Abadi and Bruno Blanchet},
	Bibsource = {DBLP, http://dblp.uni-trier.de},
	Ee = {http://dx.doi.org/10.1016/S0304-3975(02)00863-0},
	Journal = {Theor. Comput. Sci.},
	Number = {298},
	Pages = {387-415},
	Title = {Secrecy types for asymmetric communication.},
	Volume = {3},
	Year = {2003}}

@article{DBLP:journals/tcs/GordonJ03,
	Author = {Andrew D. Gordon and Alan Jeffrey},
	Bibsource = {DBLP, http://dblp.uni-trier.de},
	Ee = {http://dx.doi.org/10.1016/S0304-3975(02)00333-X},
	Journal = {Theor. Comput. Sci.},
	Number = {300},
	Pages = {379-409},
	Title = {Typing correspondence assertions for communication protocols.},
	Volume = {1-3},
	Year = {2003}}

@inproceedings{DBLP:conf/fossacs/Caires04,
	Author = {Lu\'{\i}s Caires},
	Bibsource = {DBLP, http://dblp.uni-trier.de},
	Booktitle = {FoSSaCS},
	Crossref = {DBLP:conf/fossacs/2004},
	Ee = {http://springerlink.metapress.com/openurl.asp?genre=article{\&}issn=0302-9743{\&}volume=2987{\&}spage=72},
	Pages = {72-89},
	Title = {Behavioral and Spatial Observations in a Logic for the pi-Calculus.},
	Year = {2004}}

@article{DBLP:journals/tcs/CairesC04,
	Author = {Lu\'{\i}s Caires and Luca Cardelli},
	Bibsource = {DBLP, http://dblp.uni-trier.de},
	Ee = {http://dx.doi.org/10.1016/j.tcs.2003.10.041},
	Journal = {Theor. Comput. Sci.},
	Number = {3},
	Pages = {517-565},
	Title = {A spatial logic for concurrency - II.},
	Volume = {322},
	Year = {2004}}

@article{DBLP:journals/iandc/CairesC03,
	Author = {Lu\'{\i}s Caires and Luca Cardelli},
	Bibsource = {DBLP, http://dblp.uni-trier.de},
	Ee = {http://dx.doi.org/10.1016/S0890-5401(03)00137-8},
	Journal = {Inf. Comput.},
	Number = {2},
	Pages = {194-235},
	Title = {A spatial logic for concurrency (part I).},
	Volume = {186},
	Year = {2003}}

@book{MilnerPi,
	Altauthor = {Milner, Robin},
	Author = {Robin Milner},
	Publisher = {Cambridge University Press},
	Title = {Communicating and Mobile Systems: the $\pi$-Calculus},
	Year = {1999}}

@book{SangiorgiWalker,
	Altauthor = {D. Sangiorgi and D. Walker},
	Author = {David Sangiorgi and David Walker},
	Publisher = {Cambridge University Press},
	Title = {The $\pi$-Calculus: A Theory of Mobile Processes},
	Year = {2001}}

@inproceedings{Krivine-TheCurryHowardCorre,
	Author = {Jean-Louis Krivine},
	Booktitle = {Proceedings of the Fifteenth Annual IEEE Symp. on Logic in Computer Science, {LICS} 2000},
	Editor = {Martin Abadi},
	Location = {Santa Barbara, CA, USA},
	Month = {June},
	Publisher = {IEEE Computer Society Press},
	Title = {The Curry-Howard Correspondence in Set Theory},
	Year = {2000}}

@book{Barendregt84,
	Author = {Hendrik Pieter Barendregt},
	Publisher = {North-Holland},
	Series = {Studies in Logic and the Foundations of Mathematics},
	Title = {{The Lambda Calculus -- Its Syntax and Semantics}},
	Topics = {FP - Lambda Calculi},
	Volume = {103},
	Year = {1984}}

@book{ONAG,
	Author = {John Horton Conway},
	Publisher = {Academic Press},
	Title = {{On Numbers and Games}},
	Year = {1976}}

@inproceedings{W3CInfoset,
	Author = {John Cowan and Richard Tobin},
	Ee = {http://www.w3.org/TR/xml-infoset/},
	Publisher = {W3C},
	Title = {XML Information Set},
	Year = {2004}}

@inproceedings{W3CXSD,
	Author = {Henry S. Thompson and David Beech and Murray Maloney and Noah Mendelsohn},
	Ee = {http://www.w3.org/TR/2004/REC-xmlschema-1-20041028/},
	Publisher = {W3C},
	Title = {XML Schema Part I: Structures, Second Edition},
	Year = {2004}}

@inproceedings{DBLP:conf/tacs/Milner97,
	Author = {Robin Milner},
	Bibsource = {DBLP, http://dblp.uni-trier.de},
	Booktitle = {TACS},
	Crossref = {conf/tacs/1997},
	Pages = {1-19},
	Title = {Strong Normalisation in Higher-Order Action Calculi.},
	Year = {1997}}

@inproceedings{DBLP:conf/concur/HermidaP95,
	Author = {Claudio Hermida and John Power},
	Bibsource = {DBLP, http://dblp.uni-trier.de},
	Booktitle = {CONCUR},
	Crossref = {conf/concur/1995},
	Pages = {117-129},
	Title = {Fibrational Control Structures.},
	Year = {1995}}

@incollection{GabbayMJ:picfm,
	Author = {M.~J.~Gabbay},
	Booktitle = {Thirty-five years of {A}utomath},
	Editor = {Fairouz Kamareddine},
	Publisher = {Kluwer},
	Title = {The $\pi$-calculus in {FM}},
	Year = {2003}}

@inproceedings{DBLP:conf/lics/GabbayC04,
	Author = {Murdoch Gabbay and James Cheney},
	Bibsource = {DBLP, http://dblp.uni-trier.de},
	Booktitle = {LICS},
	Crossref = {DBLP:conf/lics/2004},
	Ee = {http://csdl.computer.org/comp/proceedings/lics/2004/2192/00/21920139abs.htm},
	Pages = {139-148},
	Title = {A Sequent Calculus for Nominal Logic.},
	Year = {2004}}

@incollection{ThurberUnicorn,
	Author = {James Thurber},
	Booktitle = {Fables for our time},
	Publisher = {New York: Harper and Row},
	Title = {The unicorn in the garden [1940]},
	Year = {1968}}

@article{DBLP:journals/apal/Abramsky91,
	Author = {Samson Abramsky},
	Bibsource = {DBLP, http://dblp.uni-trier.de},
	Journal = {Ann. Pure Appl. Logic},
	Number = {1-2},
	Pages = {1-77},
	Title = {Domain Theory in Logical Form.},
	Volume = {51},
	Year = {1991}}

@article{DBLP:journals/mscs/AbramskyV93,
	Author = {Samson Abramsky and Steven Vickers},
	Bibsource = {DBLP, http://dblp.uni-trier.de},
	Journal = {Mathematical Structures in Computer Science},
	Number = {2},
	Pages = {161-227},
	Title = {Quantales, Observational Logic and Process Semantics.},
	Volume = {3},
	Year = {1993}}

@article{DBLP:journals/tcs/Abramsky93,
	Author = {Samson Abramsky},
	Bibsource = {DBLP, http://dblp.uni-trier.de},
	Journal = {Theor. Comput. Sci.},
	Number = {1{\&}2},
	Pages = {3-57},
	Title = {Computational Interpretations of Linear Logic.},
	Volume = {111},
	Year = {1993}}

@inproceedings{DBLP:conf/cmsb/RegevS03,
	Author = {Amitai Regev and Ehud Y. Shapiro},
	Bibsource = {DBLP, http://dblp.uni-trier.de},
	Booktitle = {CMSB},
	Crossref = {DBLP:conf/cmsb/2003},
	Ee = {http://link.springer.de/link/service/series/0558/bibs/2602/26020001.htm},
	Pages = {1-3},
	Title = {Cells as Computation.},
	Year = {2003}}

@proceedings{DBLP:conf/cmsb/2003,
	Bibsource = {DBLP, http://dblp.uni-trier.de},
	Booktitle = {CMSB},
	Editor = {Corrado Priami},
	Isbn = {3-540-00605-2},
	Publisher = {Springer},
	Series = {Lecture Notes in Computer Science},
	Title = {Computational Methods in Systems Biology, First International Workshop, CMSB 2003, Roverto, Italy, February 24-26, 2003, Proceedings},
	Volume = {2602},
	Year = {2003}}

@inproceedings{DBLP:conf/esop/DanosL03,
	Author = {Vincent Danos and Cosimo Laneve},
	Bibsource = {DBLP, http://dblp.uni-trier.de},
	Booktitle = {ESOP},
	Crossref = {DBLP:conf/esop/2003},
	Ee = {http://link.springer.de/link/service/series/0558/bibs/2618/26180302.htm},
	Pages = {302-318},
	Title = {Core Formal Molecular Biology.},
	Year = {2003}}

@proceedings{DBLP:conf/esop/2003,
	Bibsource = {DBLP, http://dblp.uni-trier.de},
	Booktitle = {ESOP},
	Editor = {Pierpaolo Degano},
	Isbn = {3-540-00886-1},
	Publisher = {Springer},
	Series = {Lecture Notes in Computer Science},
	Title = {Programming Languages and Systems, 12th European Symposium on Programming, ESOP 2003, Held as Part of the Joint European Conferences on Theory and Practice of Software, ETAPS 2003, Warsaw, Poland, April 7-11, 2003, Proceedings},
	Volume = {2618},
	Year = {2003}}

@inproceedings{DBLP:conf/cmsb/Cardelli04,
	Author = {Luca Cardelli},
	Bibsource = {DBLP, http://dblp.uni-trier.de},
	Booktitle = {CMSB},
	Crossref = {DBLP:conf/cmsb/2004},
	Ee = {http://springerlink.metapress.com/openurl.asp?genre=article{\&}issn=0302-9743{\&}volume=3082{\&}spage=257},
	Pages = {257-278},
	Title = {Brane Calculi.},
	Year = {2004}}

@proceedings{DBLP:conf/cmsb/2004,
	Bibsource = {DBLP, http://dblp.uni-trier.de},
	Booktitle = {CMSB},
	Editor = {Vincent Danos and Vincent Schachter},
	Isbn = {3-540-25375-0},
	Publisher = {Springer},
	Series = {Lecture Notes in Computer Science},
	Title = {Computational Methods in Systems Biology, International Conference CMSB 2004, Paris, France, May 26-28, 2004, Revised Selected Papers},
	Volume = {3082},
	Year = {2005}}

@article{DBLP:journals/ipl/PriamiRSS01,
	Author = {Corrado Priami and Aviv Regev and Ehud Y. Shapiro and William Silverman},
	Bibsource = {DBLP, http://dblp.uni-trier.de},
	Ee = {http://dx.doi.org/10.1016/S0020-0190(01)00214-9},
	Journal = {Inf. Process. Lett.},
	Number = {1},
	Pages = {25-31},
	Title = {Application of a stochastic name-passing calculus to representation and simulation of molecular processes.},
	Volume = {80},
	Year = {2001}}

@inproceedings{DBLP:conf/ijcai/Milner71,
	Author = {Robin Milner},
	Bibsource = {DBLP, http://dblp.uni-trier.de},
	Booktitle = {IJCAI},
	Pages = {481-489},
	Title = {An Algebraic Definition of Simulation Between Programs.},
	Year = {1971}}

@inproceedings{DBLP:conf/fmcad/TaharCL98,
	Author = {Sofi{\`e}ne Tahar and Paul Curzon and Jianping Lu},
	Bibsource = {DBLP, http://dblp.uni-trier.de},
	Booktitle = {FMCAD},
	Crossref = {DBLP:conf/fmcad/1998},
	Ee = {http://link.springer.de/link/service/series/0558/bibs/1522/15220433.htm},
	Pages = {433-450},
	Title = {Three Approaches to Hardware Verification: HOL, MDG and VIS Compared.},
	Year = {1998}}

@proceedings{DBLP:conf/fmcad/1998,
	Bibsource = {DBLP, http://dblp.uni-trier.de},
	Booktitle = {FMCAD},
	Editor = {Ganesh Gopalakrishnan and Phillip J. Windley},
	Isbn = {3-540-65191-8},
	Publisher = {Springer},
	Series = {Lecture Notes in Computer Science},
	Title = {Formal Methods in Computer-Aided Design, Second International Conference, FMCAD '98, Palo Alto, California, USA, November 4-6, 1998, Proceedings},
	Volume = {1522},
	Year = {1998}}

@incollection{DBLP:books/eh/campbell84/Emden84,
	Author = {Maarten H. van Emden},
	Bibsource = {DBLP, http://dblp.uni-trier.de},
	Booktitle = {Implementations of Prolog},
	Pages = {93-110},
	Title = {An Interpreting Algorithm for Prolog Programs.},
	Year = {1984}}

@inproceedings{DBLP:conf/aaai/Bonzon97,
	Author = {Pierre E. Bonzon},
	Bibsource = {DBLP, http://dblp.uni-trier.de},
	Booktitle = {AAAI/IAAI},
	Pages = {398-403},
	Title = {A Reflective Proof System for Reasoning in Contexts.},
	Year = {1997}}

@article{Tyson2003CurrOp,
	Author = {John H. Tyson and Katherine C Chen and Bela Novak},
	Ee = {http://dx.doi.org/10.1016/S0955-0674(03)00017-6},
	Journal = {Current Opinion in Cell Biology},
	Pages = {221-231},
	Title = {Sniffers, buzzers, toggles and blinkers: dynamics of regulatory and signaling pathways in the cell},
	Volume = {15},
	Year = {2003}}

@article{Milo2002NetMotif,
	Author = {R. Milo and S. Shen-Orr and S. Itzkovitz and N. Kashtan and D. Chklovskii and U Alon},
	Ee = {http://dx.doi.org/10.1126/science.298.5594.824},
	Journal = {Science's STKE},
	Title = {Network Motifs: Simple Building Blocks of Complex Networks},
	Volume = {298},
	Year = {2002}}

@book{BenacerrafPhilMathSelected,
	Author = {Paul Benacerraf and Hilary Putnam},
	Date = {1964},
	Publisher = {Prentice-Hall},
	Title = {Philosophy of mathematics: Selected readings}}

@book{Godel1962,
	Author = {Kurt Goedel},
	Date = {1962},
	Publisher = {Dover},
	Title = {On Formally Undecidable Propositions of Principia Mathematica and Related Systems}}

@inproceedings{Turing36ComputableNum,
	Author = {Alan M Turing},
	Booktitle = {Proc. Lond. Math. Soc.},
	Pages = {230-265},
	Title = {On computable numbers with an application to the entscheidungsproblem},
	Year = {1936}}

@article{DBLP:journals/tcs/Yoshida02,
	Author = {Nobuko Yoshida},
	Bibsource = {DBLP, http://dblp.uni-trier.de},
	Ee = {http://dx.doi.org/10.1016/S0304-3975(00)00310-8},
	Journal = {Theor. Comput. Sci.},
	Number = {1-2},
	Pages = {231-276},
	Title = {Minimality and separation results on asynchronous mobile processes - representability theorems by concurrent combinators.},
	Volume = {274},
	Year = {2002}}

@article{Chomsky65FormalGrammar,
	Author = {Noam Chomsky},
	Journal = {Information and Control},
	Pages = {91-112},
	Title = {On certain properties of formal grammars},
	Volume = {1},
	Year = {1959}}
